<?xml version="1.0" encoding="UTF-8"?><collection xmlns="http://www.loc.gov/MARC21/slim"><record><leader>00393nam--2200157-i-4500</leader><controlfield tag="001">000013156</controlfield><controlfield tag="002">20161230</controlfield><controlfield tag="005">20170222145420</controlfield><controlfield tag="008">060222s1000------------r-----000-0-eng-d</controlfield><datafield ind1=" " ind2=" " tag="100"><subfield code="a">Demian, Traian</subfield></datafield><datafield ind1=" " ind2=" " tag="245"><subfield code="a">Lagare si ghidaje pentru aparate</subfield></datafield><datafield ind1=" " ind2=" " tag="260"><subfield code="a">Bucuresti</subfield><subfield code="b">Ed.Academiei R.S.R</subfield><subfield code="c">1980</subfield></datafield><datafield ind1=" " ind2=" " tag="300"><subfield code="a">334 p</subfield></datafield><datafield ind1=" " ind2=" " tag="700"><subfield code="a">Pascu, Adrian</subfield></datafield><datafield ind1=" " ind2=" " tag="852"><subfield code="a">621.8</subfield></datafield><datafield ind1=" " ind2=" " tag="CAT"><subfield code="a">SYS</subfield><subfield code="c">20170222</subfield><subfield code="h">145420</subfield></datafield></record></collection>